@Manual{R-base,
  title = {R: A Language and Environment for Statistical Computing},
  author = {{R Core Team}},
  organization = {R Foundation for Statistical Computing},
  address = {Vienna, Austria},
  year = {2017},
  url = {https://www.R-project.org/},
}
@Manual{R-bookdown,
  title = {bookdown: Authoring Books and Technical Documents with R Markdown},
  author = {Yihui Xie},
  year = {2018},
  note = {R package version 0.7},
  url = {https://CRAN.R-project.org/package=bookdown},
}
@Manual{R-DeclareDesign,
  title = {DeclareDesign: Declare and Diagnose Research Designs to Understand and Improve Them},
  author = {Graeme Blair and Jasper Cooper and Alexander Coppock and Macartan Humphreys and Neal Fultz},
  year = {2018},
  note = {http://declaredesign.org, https://github.com/DeclareDesign/DeclareDesign},
}
@Manual{R-designs,
  title = {designs: Library of Research Designs},
  author = {Graeme Blair and Jasper Cooper and Alexander Coppock and Macartan Humphreys and Neal Fultz},
  note = {R package version 0.1.0},
  year = {2018},
}
@Manual{R-dplyr,
  title = {dplyr: A Grammar of Data Manipulation},
  author = {Hadley Wickham and Romain Francois and Lionel Henry and Kirill MÃ¼ller},
  year = {2017},
  note = {R package version 0.7.4},
  url = {https://CRAN.R-project.org/package=dplyr},
}
@Manual{R-estimatr,
  title = {estimatr: Fast Estimators for Design-Based Inference},
  author = {Graeme Blair and Jasper Cooper and Alexander Coppock and Macartan Humphreys and Luke Sonnet},
  year = {2018},
  note = {http://estimatr.declaredesign.org, https://github.com/DeclareDesign/estimatr},
}
@Manual{R-fabricatr,
  title = {fabricatr: Imagine Your Data Before You Collect It},
  author = {Graeme Blair and Jasper Cooper and Alexander Coppock and Macartan Humphreys and Aaron Rudkin},
  note = {http://fabricatr.declaredesign.org, https://github.com/DeclareDesign/fabricatr},
  year = {2018},
}
@Manual{R-forcats,
  title = {forcats: Tools for Working with Categorical Variables (Factors)},
  author = {Hadley Wickham},
  year = {2017},
  note = {R package version 0.2.0},
  url = {https://CRAN.R-project.org/package=forcats},
}
@Manual{R-ggplot2,
  title = {ggplot2: Create Elegant Data Visualisations Using the Grammar of Graphics},
  author = {Hadley Wickham and Winston Chang},
  year = {2016},
  note = {R package version 2.2.1},
  url = {https://CRAN.R-project.org/package=ggplot2},
}
@Manual{R-gridExtra,
  title = {gridExtra: Miscellaneous Functions for "Grid" Graphics},
  author = {Baptiste Auguie},
  year = {2017},
  note = {R package version 2.3},
  url = {https://CRAN.R-project.org/package=gridExtra},
}
@Manual{R-knitr,
  title = {knitr: A General-Purpose Package for Dynamic Report Generation in R},
  author = {Yihui Xie},
  year = {2018},
  note = {R package version 1.20},
  url = {https://CRAN.R-project.org/package=knitr},
}
@Manual{R-randomizr,
  title = {randomizr: Easy-to-Use Tools for Common Forms of Random Assignment and Sampling},
  author = {Alexander Coppock},
  note = {http://randomizr.declaredesign.org, https://github.com/DeclareDesign/randomizr},
  year = {2018},
}
@Manual{R-rmarkdown,
  title = {rmarkdown: Dynamic Documents for R},
  author = {JJ Allaire and Yihui Xie and Jonathan McPherson and Javier Luraschi and Kevin Ushey and Aron Atkins and Hadley Wickham and Joe Cheng and Winston Chang},
  year = {2018},
  note = {R package version 1.9},
  url = {https://CRAN.R-project.org/package=rmarkdown},
}
@Manual{R-tidyr,
  title = {tidyr: Easily Tidy Data with 'spread()' and 'gather()' Functions},
  author = {Hadley Wickham and Lionel Henry},
  year = {2018},
  note = {R package version 0.8.0},
  url = {https://CRAN.R-project.org/package=tidyr},
}
