%% This BibTeX bibliography file was created using BibDesk.
%% http://bibdesk.sourceforge.net/

%% Created for Graeme Blair at 2017-10-18 17:54:09 +0200 


%% Saved with string encoding Unicode (UTF-8) 



@article{starosta2014assessing,
	Author = {Starosta, Amy J and Earleywine, Mitch},
	Date-Added = {2017-10-18 15:50:51 +0000},
	Date-Modified = {2017-10-18 15:50:51 +0000},
	Journal = {Health Psychology and Behavioral Medicine: an Open Access Journal},
	Number = {1},
	Pages = {198--210},
	Publisher = {Taylor \& Francis},
	Title = {Assessing base rates of sexual behavior using the unmatched count technique},
	Volume = {2},
	Year = {2014}}

@article{frye2017putin,
	Author = {Frye, Timothy and Gehlbach, Scott and Marquardt, Kyle L and Reuter, Ora John},
	Date-Added = {2017-10-18 15:38:36 +0000},
	Date-Modified = {2017-10-18 15:38:36 +0000},
	Journal = {Post-Soviet Affairs},
	Number = {1},
	Pages = {1--15},
	Publisher = {Taylor \& Francis},
	Title = {Is PutinÂ’s popularity real?},
	Volume = {33},
	Year = {2017}}
