@Manual{R-base,
  title = {R: A Language and Environment for Statistical Computing},
  author = {{R Core Team}},
  organization = {R Foundation for Statistical Computing},
  address = {Vienna, Austria},
  year = {2017},
  url = {https://www.R-project.org/},
}
@Manual{R-bookdown,
  title = {bookdown: Authoring Books and Technical Documents with R Markdown},
  author = {Yihui Xie},
  year = {2017},
  note = {R package version 0.5},
  url = {https://CRAN.R-project.org/package=bookdown},
}
@Manual{R-DeclareDesign,
  title = {DeclareDesign: Tools for Improving Research Designs in the Social Sciences},
  author = {Graeme Blair and Jasper Cooper and Alexander Coppock and Macartan Humphreys},
  note = {http://declaredesign.org, https://github.com/DeclareDesign/DeclareDesign},
  year = {2017},
}
@Manual{R-doRNG,
  title = {doRNG: Generic Reproducible Parallel Backend for 'foreach' Loops},
  author = {Renaud Gaujoux},
  year = {2017},
  note = {R package version 1.6.6},
  url = {https://CRAN.R-project.org/package=doRNG},
}
@Manual{R-dplyr,
  title = {dplyr: A Grammar of Data Manipulation},
  author = {Hadley Wickham and Romain Francois and Lionel Henry and Kirill MÃ¼ller},
  year = {2017},
  note = {R package version 0.7.4},
  url = {https://CRAN.R-project.org/package=dplyr},
}
@Manual{R-estimatr,
  title = {estimatr: Fast estimators for social scientists},
  author = {Graeme Blair and Jasper Cooper and Alexander Coppock and Macartan Humphreys},
  year = {2017},
  note = {R package version 1.0},
}
@Manual{R-fabricatr,
  title = {fabricatr: Imagine Your Data Before You Collect It},
  author = {Graeme Blair and Jasper Cooper and Alexander Coppock and Macartan Humphreys},
  note = {http://fabricatr.declaredesign.org, https://github.com/DeclareDesign/fabricatr},
  year = {2017},
}
@Manual{R-forcats,
  title = {forcats: Tools for Working with Categorical Variables (Factors)},
  author = {Hadley Wickham},
  year = {2017},
  note = {R package version 0.2.0},
  url = {https://CRAN.R-project.org/package=forcats},
}
@Manual{R-foreach,
  title = {foreach: Provides Foreach Looping Construct for R},
  author = {{Revolution Analytics} and Steve Weston}},
  year = {2015},
  note = {R package version 1.4.3},
  url = {https://CRAN.R-project.org/package=foreach},
}
@Manual{R-ggplot2,
  title = {ggplot2: Create Elegant Data Visualisations Using the Grammar of Graphics},
  author = {Hadley Wickham and Winston Chang},
  year = {2016},
  note = {R package version 2.2.1},
  url = {https://CRAN.R-project.org/package=ggplot2},
}
@Manual{R-gridExtra,
  title = {gridExtra: Miscellaneous Functions for "Grid" Graphics},
  author = {Baptiste Auguie},
  year = {2017},
  note = {R package version 2.3},
  url = {https://CRAN.R-project.org/package=gridExtra},
}
@Manual{R-knitr,
  title = {knitr: A General-Purpose Package for Dynamic Report Generation in R},
  author = {Yihui Xie},
  year = {2017},
  note = {R package version 1.16},
  url = {https://CRAN.R-project.org/package=knitr},
}
@Manual{R-pkgmaker,
  title = {pkgmaker: Package development utilities},
  author = {Renaud Gaujoux},
  year = {2014},
  note = {R package version 0.22},
  url = {https://CRAN.R-project.org/package=pkgmaker},
}
@Manual{R-randomizr,
  title = {randomizr: Easy to Use Tools for Common Forms of Random Assignment and Sampling},
  author = {Alexander Coppock},
  note = {R package version 0.6.0},
  year = {2017},
}
@Manual{R-registry,
  title = {registry: Infrastructure for R Package Registries},
  author = {David Meyer},
  year = {2015},
  note = {R package version 0.3},
  url = {https://CRAN.R-project.org/package=registry},
}
@Manual{R-rmarkdown,
  title = {rmarkdown: Dynamic Documents for R},
  author = {JJ Allaire and Joe Cheng and Yihui Xie and Jonathan McPherson and Winston Chang and Jeff Allen and Hadley Wickham and Aron Atkins and Rob Hyndman and Ruben Arslan},
  year = {2017},
  note = {R package version 1.6},
  url = {https://CRAN.R-project.org/package=rmarkdown},
}
@Manual{R-rngtools,
  title = {rngtools: Utility functions for working with Random Number Generators},
  author = {Renaud Gaujoux},
  year = {2014},
  note = {R package version 1.2.4},
  url = {https://CRAN.R-project.org/package=rngtools},
}
@Manual{R-tidyr,
  title = {tidyr: Easily Tidy Data with 'spread()' and 'gather()' Functions},
  author = {Hadley Wickham},
  year = {2017},
  note = {R package version 0.6.3},
  url = {https://CRAN.R-project.org/package=tidyr},
}
