%% This BibTeX bibliography file was created using BibDesk.
%% http://bibdesk.sourceforge.net/

%% Created for Graeme Blair at 2017-10-20 22:42:58 +0200 


%% Saved with string encoding Unicode (UTF-8) 



@book{Gerber2012,
	Address = {New York},
	Author = {Gerber, Alan S. and Green, Donald P.},
	Date-Added = {2017-10-20 13:54:14 +0000},
	Date-Modified = {2017-10-20 13:54:40 +0000},
	Publisher = {W.W. Norton},
	Title = {{Field Experiments: Design, Analysis, and Interpretation}},
	Year = {2012}}

@book{brady2010rethinking,
	Address = {Lanham, Maryland},
	Author = {Brady, Henry E. and Collier, David},
	Date-Modified = {2017-10-20 20:41:57 +0000},
	Publisher = {Rowman \& Littlefield Publishers},
	Title = {Rethinking Social Inquiry: Diverse Tools, Shared Standards},
	Year = {2010}}

@book{king1994designing,
	Address = {Princeton},
	Author = {King, Gary and Keohane, Robert O. and Verba, Sidney},
	Date-Modified = {2017-10-20 20:42:51 +0000},
	Publisher = {Princeton University Press},
	Title = {Designing Social Inquiry: Scientific Inference in Qualitative Research},
	Year = {1994}}

@book{glennerster2013running,
	Address = {Princeton},
	Author = {Glennerster, Rachel and Takavarasha, Kudzai},
	Date-Modified = {2017-10-20 20:42:58 +0000},
	Publisher = {Princeton University Press},
	Title = {Running Randomized Evaluations: A Practical Guide},
	Year = {2013}}

@book{gerring2011social,
	Address = {Cambridge},
	Author = {Gerring, John},
	Date-Modified = {2017-10-20 13:34:34 +0000},
	Publisher = {Cambridge University Press},
	Title = {Social Science Methodology: A Unified Framework},
	Year = {2011}}

@book{toshkov2016research,
	Address = {London},
	Author = {Toshkov, Dimiter},
	Date-Modified = {2017-10-20 13:38:16 +0000},
	Publisher = {Palgrave Macmillan},
	Title = {Research Design in Political Science},
	Year = {2016}}

@book{dunning2012natural,
	Address = {Cambridge},
	Author = {Dunning, Thad},
	Date-Modified = {2017-10-20 13:33:15 +0000},
	Publisher = {Cambridge University Press},
	Title = {Natural Experiments in the Social Sciences: a Design-based Approach},
	Year = {2012}}

@book{james2014introduction,
	Address = {New York},
	Author = {James, Gareth and Witten, Daniela and Hastie, Trevor},
	Date-Modified = {2017-10-20 13:37:18 +0000},
	Publisher = {Springer},
	Title = {{An Introduction to Statistical Learning: With Applications in R.}},
	Year = {2014}}

@book{gelman2006data,
	Address = {Cambridge},
	Author = {Gelman, Andrew and Hill, Jennifer},
	Date-Modified = {2017-10-20 13:33:00 +0000},
	Publisher = {Cambridge University Press},
	Title = {Data Analysis Using Regression and Multilevel/Hierarchical Models},
	Year = {2006}}
